<?xml version="1.0" encoding="UTF-8"?>
<collection xmlns:xsi="http://www.w3.org/2001/XMLSchema-instance"
 xsi:schemaLocation="http://www.loc.gov/MARC21/slim xsd/MARC21slim.xsd"
 xmlns="http://www.loc.gov/MARC21/slim">
    <record>
        <leader>     nam a22     5a 4500</leader>
        <controlfield tag="001">321000001</controlfield>
        <datafield tag="100" ind1="1" ind2="1">
            <subfield code="a">Olson, Tod</subfield>
        </datafield>
        <datafield tag="245" ind1="0" ind2="0">
            <subfield code="a">SRU Test / </subfield>
            <subfield code="c">Tod Olson</subfield>
        </datafield>
        <datafield tag="260" ind1=" " ind2=" ">
            <subfield code="c">2013</subfield>
        </datafield>
        <datafield tag="440" ind1="0" ind2="0">
            <subfield code="a">SRU Test</subfield>
        </datafield>
    </record>