
    <record>
        <leader>     nam a22     5a 4500</leader>
        <controlfield tag="001">321000006</controlfield>
        <datafield tag="100" ind1="1" ind2="1">
            <subfield code="a">Smith, John</subfield>
        </datafield>
        <datafield tag="245" ind1="0" ind2="0">
            <subfield code="a">SRU Test : </subfield>
            <subfield code="b">death of a pirate</subfield>
        </datafield>
        <datafield tag="260" ind1=" " ind2=" ">
            <subfield code="c">2005</subfield>
        </datafield>
        <datafield tag="440" ind1="0" ind2="0">
            <subfield code="a">SRU Test</subfield>
        </datafield>
    </record>