
    <record>
        <leader>     nam a22     5a 4500</leader>
        <controlfield tag="001">321000007</controlfield>
        <datafield tag="100" ind1="1" ind2="1">
            <subfield code="a">Jones, Peter</subfield>
        </datafield>
        <datafield tag="245" ind1="0" ind2="0">
            <subfield code="a">SRU Test</subfield>
            <subfield code="b">pirate death / </subfield>
            <subfield code="c">Peter Jones</subfield>
        </datafield>
        <datafield tag="260" ind1=" " ind2=" ">
            <subfield code="c">1984</subfield>
        </datafield>
        <datafield tag="440" ind1="0" ind2="0">
            <subfield code="a">SRU Test</subfield>
        </datafield>
    </record>