
    <record>
        <leader>     nam a22     5a 4500</leader>
        <controlfield tag="001">321000010</controlfield>
        <controlfield tag="008">110707n1987| u||| ||und u</controlfield>
        <datafield tag="245" ind1="0" ind2="0">
            <subfield code="a">SRU Test : </subfield>
            <subfield code="b">008 date: 1987</subfield>
        </datafield>
        <datafield tag="260" ind1=" " ind2=" ">
            <subfield code="c">c1987.</subfield>
        </datafield>
        <datafield tag="440" ind1="0" ind2="0">
            <subfield code="a">SRU Test</subfield>
        </datafield>
    </record>